@book{duda2012pattern,
  title={Pattern classification},
  author={Duda, Richard O and Hart, Peter E and Stork, David G},
  year={2012},
  publisher={John Wiley \& Sons}
}

@phdthesis{yan2006ear,
  title={Ear biometrics in human identification},
  author={Yan, Ping},
  year={2006},
  school={Citeseer}
}

@inproceedings{chen2005contour,
  title={Contour matching for 3D ear recognition},
  author={Chen, Hui and Bhanu, Bir},
  booktitle={Application of Computer Vision, 2005. WACV/MOTIONS'05 Volume 1. Seventh IEEE Workshops on},
  volume={1},
  pages={123--128},
  year={2005},
  organization={IEEE}
}

@incollection{burge1996ear,
  title={Ear biometrics},
  author={Burge, Mark and Burger, Wilhelm},
  booktitle={Biometrics},
  pages={273--285},
  year={1996},
  publisher={Springer}
}
@article{lammi2004ear,
  title={Ear biometrics},
  author={Lammi, Hanna-Kaisa},
  journal={Lappeenranta University of Technology},
  year={2004},
  publisher={Citeseer}
}

@book{iannarelli1989ear,
  title={Ear identification},
  author={Iannarelli, Alfred Victor},
  year={1989},
  publisher={Paramont Publishing Company}
}
@article{hurley2002force,
  title={Force field energy functionals for image feature extraction},
  author={Hurley, David J and Nixon, Mark S and Carter, John N},
  journal={Image and Vision computing},
  volume={20},
  number={5},
  pages={311--317},
  year={2002},
  publisher={Elsevier}
}
@article{flicker2010body,
  title={Body mass index and survival in men and women aged 70 to 75},
  author={Flicker, Leon and McCaul, Kieran A and Hankey, Graeme J and Jamrozik, Konrad and Brown, Wendy J and Byles, Julie E and Almeida, Osvaldo P},
  journal={Journal of the American geriatrics society},
  volume={58},
  number={2},
  pages={234--241},
  year={2010},
  publisher={Blackwell Publishing Inc}
}
